[gd_scene load_steps=9 format=2]

[ext_resource path="res://Elements/Ships/Ship.gd" type="Script" id=1]
[ext_resource path="res://Elements/ShipParts/ShipColorShader.tres" type="Shader" id=2]
[ext_resource path="res://Elements/ShipParts/DamageTexture.tres" type="Texture" id=3]
[ext_resource path="res://Art/KenneySpaceShooterExt/Ships/spaceShips_002.png" type="Texture" id=4]
[ext_resource path="res://Elements/ShipParts/Gun.tscn" type="PackedScene" id=5]
[ext_resource path="res://Elements/ShipParts/Thruster.tscn" type="PackedScene" id=6]

[sub_resource type="ShaderMaterial" id=1]
resource_local_to_scene = true
shader = ExtResource( 2 )
shader_param/Hue = 0.0
shader_param/Health = 1.0
shader_param/ShipTexture = ExtResource( 4 )
shader_param/DamageTexture = ExtResource( 3 )

[sub_resource type="OccluderPolygon2D" id=2]
polygon = PoolVector2Array( -60, 100, -60, 20, 60, 20, 60, 100, 110, 30, 100, -50, 70, -90, 40, -50, -40, -50, -70, -90, -100, -50, -110, 30 )

[node name="Ship" type="KinematicBody2D"]
script = ExtResource( 1 )
GunType = "stagger"
FireRate = 0.25

[node name="Sprite" type="Sprite" parent="."]
light_mask = 0
material = SubResource( 1 )
texture = ExtResource( 4 )

[node name="Collision" type="CollisionPolygon2D" parent="."]
polygon = PoolVector2Array( -80, 110, -41.1371, 110, -40, 50, 40, 50, 40, 110, 80, 110, 130, 20, 90, -110, -90, -110, -130, 20 )

[node name="LightOccluder2D" type="LightOccluder2D" parent="Collision"]
occluder = SubResource( 2 )

[node name="Guns" type="Node2D" parent="."]

[node name="Gun" parent="Guns" instance=ExtResource( 5 )]
position = Vector2( -60, 120 )
type = "MissileLauncher"

[node name="Gun2" parent="Guns" instance=ExtResource( 5 )]
position = Vector2( 60, 120 )
type = "MissileLauncher"

[node name="Thrusters" type="Node2D" parent="."]
position = Vector2( 74, -110 )

[node name="Thruster" parent="Thrusters" instance=ExtResource( 6 )]
position = Vector2( -148, 0 )
z_index = -1

[node name="Thruster2" parent="Thrusters" instance=ExtResource( 6 )]
z_index = -1
